<record><leader>00000cas a22000007a 4500</leader><controlfield tag="001">19696092</controlfield><controlfield tag="008">890511d190619uucouwr ne      0    0eng d</controlfield><datafield ind1=" " ind2=" " tag="010"><subfield code="a">sn 89052127 </subfield></datafield><datafield ind1=" " ind2=" " tag="040"><subfield code="a">CNQ</subfield><subfield code="b">eng</subfield><subfield code="c">CNQ</subfield><subfield code="d">OCLCQ</subfield></datafield><datafield ind1=" " ind2=" " tag="042"><subfield code="a">msc</subfield></datafield><datafield ind1="0" ind2=" " tag="130"><subfield code="a">Pagosa Springs observer (Pagosa Springs, Colo. : 1906)</subfield></datafield><datafield ind1="1" ind2="0" tag="245"><subfield code="a">Pagosa Springs observer.</subfield></datafield><datafield ind1=" " ind2=" " tag="260"><subfield code="a">Pagosa Springs, Colo. :</subfield><subfield code="b">D.L. Egger</subfield></datafield><datafield ind1=" " ind2=" " tag="300"><subfield code="a">v.</subfield></datafield><datafield ind1=" " ind2=" " tag="310"><subfield code="a">Weekly</subfield></datafield><datafield ind1="0" ind2=" " tag="362"><subfield code="a">Vol. 2, no. 14 (Nov. 2, 1906)-</subfield></datafield><datafield ind1=" " ind2=" " tag="530"><subfield code="a">Available on microfilm from the Colorado Historical Society.</subfield></datafield><datafield ind1=" " ind2=" " tag="752"><subfield code="a">United States</subfield><subfield code="b">Colorado</subfield><subfield code="c">Archuleta</subfield><subfield code="d">Pagosa Springs.</subfield></datafield><datafield ind1="0" ind2="0" tag="780"><subfield code="t">Times-observer (Pagosa Springs, Colo.)</subfield><subfield code="w">(DLC)sn 89052129</subfield></datafield></record>